<record><leader>00000cas a22000007a 4500</leader><controlfield tag="001">16411741</controlfield><controlfield tag="008">870810d18401841inuwr ne      0    0eng d</controlfield><datafield ind1=" " ind2=" " tag="010"><subfield code="a">sn 87056175 </subfield></datafield><datafield ind1=" " ind2=" " tag="040"><subfield code="a">NPI</subfield><subfield code="b">eng</subfield><subfield code="c">NPI</subfield><subfield code="d">OCLCQ</subfield><subfield code="d">NPI</subfield></datafield><datafield ind1=" " ind2=" " tag="042"><subfield code="a">msc</subfield></datafield><datafield ind1="0" ind2="4" tag="245"><subfield code="a">The Corydon Whig.</subfield></datafield><datafield ind1=" " ind2=" " tag="260"><subfield code="a">Corydon, Harrison County, Ind. :</subfield><subfield code="b">A.M. Jones</subfield></datafield><datafield ind1=" " ind2=" " tag="300"><subfield code="a">v.</subfield></datafield><datafield ind1=" " ind2=" " tag="310"><subfield code="a">Weekly</subfield></datafield><datafield ind1="1" ind2=" " tag="362"><subfield code="a">Began in Feb. 1840; ceased in Nov. 1841.</subfield></datafield><datafield ind1=" " ind2=" " tag="588"><subfield code="a">Description based on: Vol. 1, no. 40 (Dec. 17, 1840).</subfield></datafield><datafield ind1=" " ind2=" " tag="588"><subfield code="a">Latest issue consulted: Vol. 1, no. 44 (Jan. 14, 1841).</subfield></datafield><datafield ind1=" " ind2=" " tag="752"><subfield code="a">United States</subfield><subfield code="b">Indiana</subfield><subfield code="c">Harrison</subfield><subfield code="d">Corydon.</subfield></datafield><datafield ind1="0" ind2="0" tag="780"><subfield code="t">Investigator</subfield><subfield code="w">(DLC)sn 82015352</subfield><subfield code="w">(OCoLC)8808023</subfield></datafield></record>